% Recommended: Use JabRef as your reference manager.
@misc{APHLIS,
  author = {African Postharvest Losses Information System (APHLIS)},
  title  = {APHLIS Database: Postharvest loss estimates for Sub-Saharan Africa},
  year   = {2019},
  url    = {https://www.aphlis.net},
  note   = {Accessed: 6 May 2025}
}

@article{Elgamal1985,
  author  = {Elgamal, T.},
  journal = {IEEE Transactions on Information Theory},
  title   = {A public key cryptosystem and a signature scheme based on discrete logarithms},
  year    = {1985},
  issn    = {1557-9654},
  month   = jul,
  number  = {4},
  pages   = {469--472},
  volume  = {31},
  doi     = {10.1109/TIT.1985.1057074},
  url     = {https://ieeexplore.ieee.org/document/1057074}
}

@misc{FAO_PostHarvest,
  author = {FAO},
  title  = {Post-Harvest System and Food Losses},
  year   = {n.d.},
  url    = {https://www.fao.org/4/AC301E/AC301e03.htm},
  note   = {Accessed: 7 May 2025}
}

@online{fao2010,
  author = {{Food and Agriculture Organization (FAO)}},
  title  = {Stemming post-harvest waste crucial to African food security},
  year   = {2010},
  url    = {https://fao.sitefinity.cloud/newsroom/detail/Stemming-post-harvest-waste-crucial-to-African-food-security/en},
  note   = {Accessed: 2025-05-07}
}

@misc{fao2011,
  author       = {{Food and Agriculture Organization (FAO)}},
  title        = {Global Initiative on Food Loss and Waste Reduction},
  year         = {2011},
  howpublished = {\url{https://www.fao.org/3/i4068e/i4068e.pdf}},
  note         = {Accessed: 2025-05-07}
}

@misc{faoworldbank2010,
  author    = {{FAO and World Bank}},
  title     = {FAO/World Bank Workshop on Reducing Post-Harvest Losses in Grain Supply Chains in Africa},
  year      = {2010},
  publisher = {FAO},
  address   = {Rome}
}

@misc{fmard2022,
  author      = {{Federal Ministry of Agriculture and Rural Development (FMA\&RD)}},
  title       = {A paper presented by the Honourable Minister for State Mustapha Shehurri at the International Standard Organization (ISO) Certification for Nigeria Stored Products Research Institute},
  year        = {2022},
  institution = {FMA\&RD},
  address     = {Abuja, Nigeria}
}

@misc{ifdc2024,
  author       = {{International Fertilizer Development Center (IFDC)}},
  title        = {Scoping and Mapping of Postharvest Losses},
  year         = {2024},
  url = {https://ifdc.org/wp-content/uploads/2024/01/Scoping-and-Mapping-of-Postharvest-Losses-HortiNigeria.pdf},
  note         = {Accessed: 2025-05-07}
}

@book{ifpri2023,
  author    = {{International Food Policy Research Institute (IFPRI)}},
  title     = {Global Food Policy Report: Building Inclusive Food Systems},
  year      = {2023},
  publisher = {IFPRI},
  address   = {Washington, DC}
}
@misc{Ikegwuonu2018,
  author  = {Ikegwuonu, Nnaemeka C.},
  title   = {{ColdHubs: Addressing the crucial problem of food loss in Nigeria with solar-powered refrigeration}},
  type    = {{IFPRI blog}},
  date    = {2018-11-20},
  url     = {https://www.ifpri.org/blog/coldhubs-addressing-crucial-problem-food-loss-nigeria-solar-powered-refrigeration},
  urldate = {2025-05-10}
}

@misc{onnx,
  title        = {Open Neural Network Exchange (ONNX)},
  author       = {{ONNX Community}},
  year         = {2019},
  howpublished = {\url{https://onnx.ai/}},
  note         = {Accessed: 2025-05-15}
}


@misc{OkraThesis,
  author = {{José Areia}},
  title  = {Polytechnic University of Leiria: LaTeX Thesis Template},
  year   = {2023},
  month  = dec,
  url    = {https://github.com/joseareia/-thesis}
}

@article{musagambo2020,
  author  = {Musa-Gambo, K.K.},
  title   = {Managing post-harvest losses for improved food security in Nigeria: A conceptual review},
  journal = {International Journal of Management Studies and Social Science Research},
  volume  = {2},
  number  = {1},
  pages   = {116--123},
  year    = {2020}
}



@article{NAN2024,
  author  = {News Agency of Nigeria},
  year    = {2024},
  title   = {Nigeria loses 50\% of agricultural produce post-harvest -- FAO},
  journal = {Premium Times},
  url     = {https://www.premiumtimesng.com/agriculture/agric-news/739762-nigeria-loses-50-of-agricultural-produce-post-harvest-fao.html},
  note    = {Accessed: 6 May 2025}
}

@online{newscentral2024a,
  author = {{News Central}},
  title  = {Nigeria Aims to Cut Post-Harvest Losses by 25\% for Food Security},
  year   = {2024},
  url    = {https://newscentral.africa/nigeria-aims-to-cut-post-harvest-losses-by-25-for-food-security/},
  note   = {Accessed: 2025-05-07}
}

@online{newscentral2024yt,
  author = {{News Central}},
  title  = {Addressing Nigeria's Post-Harvest Losses | 16/04/2024},
  year   = {2024},
  note   = {YouTube video},
  url    = {https://www.youtube.com/watch?v=WAp33v1PBlM},
  note   = {Accessed: 2025-05-07}
}

@article{nwaobiala2024,
  author  = {Nwaobiala, A. and Godwin, N.},
  title   = {Socio-economic determinants of farmers' utilization of post-harvest management practices in rice producing areas of Abia State, Nigeria},
  journal = {Nigerian Agricultural Journal},
  volume  = {55},
  number  = {1},
  pages   = {67--70},
  year    = {2024}
}

@misc{OkojieJaiyesimi2024,
  author       = {Okojie, J. and Jaiyesimi, F.},
  year         = {2024},
  title        = {Annual N3.5trn post-harvest loss swallows five-year agric budget},
  howpublished = {Businessday NG},
  url          = {https://businessday.ng/agriculture/article/annual-n3-5trn-post-harvest-loss-swallows-five-year-agric-budget/},
  note         = {Accessed: 6 May 2025}
}

@misc{OTACCWA2025,
  author  = {{Organisation for Technology Advancement of Cold Chain in West Africa (OTACCWA)}},
  title   = {{Tackling Nigeria’s N3.5 trillion post-harvest losses}},
  journal = {{The Nation}},
  date    = {2025-02-19},
  url     = {https://thenationonlineng.net/tackling-nigerias-n3-5-trillion-post-harvest-losses},
  urldate = {2025-05-10}
}

@misc{Abulude2024,
  author = {Ifeoluwa Abulude and Stefan Wahlen},
  title = {Food Loss Analysis in Nigeria: A Systematic Literature Review},
  year = {2024},
  url = {https://ssrn.com/abstract=4920743},
  note = {Available at SSRN}
}

@misc{FarmSupportSolutions2025,
  author = "{Farm Support Solutions (FSSS)}",
  title = "{Unlocking Market Access through Aggregation for Smallholders in Nigeria: 2024 Annual Impact Report}",
  date = {2025-02-13},
  url = {https://fsssolutions.org/market-access/2024-report-unlocking-market-access-through-aggregation-for-smallholders-in-nigeria},
  urldate = {2025-05-10}
}

@article{Tenebe2024,
  author = {Diana Tenebe},
  title = {Smallholder farmers need digital marketplaces to curb post-harvest losses- Diana Tenebe, COO, Foodstuff Store},
  journal = {Businessamlive},
  year = {2024},
  month = {May},
  day = {27},
  url = {https://www.businessamlive.com/smallholder-farmers-need-digital-marketplaces-to-curb-post-harvest-losses-diana-tenebe-coo-foodstuff-store/}
}
@article{Ogundele2022,
  author = {Ogundele, Femi},
  title = "{Post Harvest Losses and Food Security in Nigeria: An Empirical Review}",
  journal = "{African Journal of Agriculture and Food Science}",
  volume = {5},
  number = {3},
  pages = {77-89},
  date = {2022},
  doi = {10.52589/AJAFSC0442Z7J}
}

@misc{PinnacleTimes2024,
  author  = {{The Pinnacle Times}},
  title   = {{Boosting Food Production in Nigeria through Improved Rural Feeder Roads}},
  type    = {Column},
  date    = {2024-06-25},
  url     = {https://thepinnacletimes.com.ng/boosting-food-production-in-nigeria-through-improved-rural-feeder-roads/},
  urldate = {2025-05-10}
}

@online{premiumtimes2022,
  author = {{Premium Times}},
  title  = {Post-harvest: Nigeria loses N3.5trn annually – Minister},
  year   = {2022},
  url    = {https://www.premiumtimesng.com/news/more-news/548219-post-harvest-nigeria-loses-n3-5trn-annually-minister.html},
  note   = {Accessed: 2025-05-07}
}

@misc{Udi2024,
  author       = {Udi, A.},
  year         = {2024},
  title        = {Post-harvest losses for fresh produce at almost 50\% in Nigeria -- USAID},
  howpublished = {Nairametrics},
  url          = {https://nairametrics.com/2024/04/21/post-harvest-losses-for-fresh-produce-at-almost-50-in-nigeria-usaid/},
  note         = {Accessed: 6 May 2025}
}

@misc{VoiceofNigeria2023,
  author  = {{Voice of Nigeria}},
  title   = {{Rural access roads will reduce post-harvest losses – coordinator}},
  date    = {2023-09-15},
  url     = {https://von.gov.ng/rural-access-roads-will-reduce-post-harvest-losses-coordinator},
  urldate = {2025-05-10}
}

@book{worldbank2011,
  author    = {{World Bank}},
  title     = {Missing Food: The Case of Postharvest Grain Losses in Sub-Saharan Africa},
  year      = {2011},
  publisher = {World Bank},
  address   = {Washington, DC}
}

@book{worldbank2020,
  author    = {{World Bank}},
  title     = {Nigeria Food Smart Country Diagnostic},
  year      = {2020},
  publisher = {World Bank},
  address   = {Washington, DC}
}

@book{worldbank2020,
  author    = {{World Bank}},
  title     = {Nigeria Food Smart Country Diagnostic},
  year      = {2020},
  publisher = {World Bank},
  address   = {Washington, DC}
}

@online{worldbank2024live,
  author = {{World Bank}},
  title  = {Agriculture and Food as an Engine of Sustainable Growth and Jobs},
  year   = {2024},
  url    = {https://live.worldbank.org/en/event/2024/annual-meetings-agriculture-food-system-growth-job-creation},
  note   = {Accessed: 2025-05-07}
}

@online{worldbank2024yt,
  author = {{World Bank}},
  title  = {World Bank's \$9 Billion Commitment to Agriculture},
  year   = {2024},
  note   = {YouTube video},
  url    = {https://www.youtube.com/watch?v=G8bEkDsXz8Y},
  note   = {Accessed: 2025-05-07}
}
